<?xml version="1.0" encoding="UTF-8"?><record xmlns="http://www.loc.gov/MARC21/slim" xmlns:cinclude="http://apache.org/cocoon/include/1.0" xmlns:zs="http://www.loc.gov/zing/srw/">
  <leader>00432nz  a2200133n  4500</leader>
  <controlfield tag="001">no 96012452 </controlfield>
  <controlfield tag="003">DLC</controlfield>
  <controlfield tag="005">19960312065215.7</controlfield>
  <controlfield tag="008">960311n| acannaab|          |n ana     a</controlfield>
  <datafield tag="010" ind1=" " ind2=" ">
    <subfield code="a">no 96012452 </subfield>
  </datafield>
  <datafield tag="035" ind1=" " ind2=" ">
    <subfield code="a">(OCoLC)oca04030901 </subfield>
  </datafield>
  <datafield tag="040" ind1=" " ind2=" ">
    <subfield code="a">DNAL</subfield>
    <subfield code="c">DNAL</subfield>
  </datafield>
  <datafield tag="110" ind1="2" ind2="0">
    <subfield code="a">Northern Waxy Corn Growers Association</subfield>
  </datafield>
  <datafield tag="670" ind1=" " ind2=" ">
    <subfield code="a">Organizational feasibility to market waxy corn in SE North Dakota, 1995:</subfield>
    <subfield code="b">t.p. (Northern Waxy Corn Growers Association)</subfield>
  </datafield>
</record>